<record><leader>00000cas a22000007a 4500</leader><controlfield tag="001">9273474</controlfield><controlfield tag="008">830303d19691983tnuwr ne      0   a0eng d</controlfield><datafield ind1=" " ind2=" " tag="010"><subfield code="a">sn 83002031 </subfield></datafield><datafield ind1=" " ind2=" " tag="040"><subfield code="a">NSD</subfield><subfield code="b">eng</subfield><subfield code="c">NSD</subfield><subfield code="d">TGN</subfield><subfield code="d">OCLCQ</subfield><subfield code="d">OCLCF</subfield><subfield code="d">OCLCO</subfield></datafield><datafield ind1=" " ind2=" " tag="012"><subfield code="j">0</subfield><subfield code="m">d</subfield></datafield><datafield ind1="1" ind2=" " tag="022"><subfield code="a">0745-5410</subfield><subfield code="l">0745-5410</subfield><subfield code="2">1</subfield></datafield><datafield ind1="1" ind2=" " tag="029"><subfield code="a">AU@</subfield><subfield code="b">000020395178</subfield></datafield><datafield ind1=" " ind2=" " tag="032"><subfield code="a">095840</subfield><subfield code="b">USPS</subfield></datafield><datafield ind1=" " ind2=" " tag="042"><subfield code="a">nsdp</subfield><subfield code="a">msc</subfield></datafield><datafield ind1=" " ind2=" " tag="043"><subfield code="a">n-us-tn</subfield></datafield><datafield ind1=" " ind2="4" tag="222"><subfield code="a">The Clay statesman</subfield></datafield><datafield ind1="0" ind2="4" tag="245"><subfield code="a">The Clay statesman.</subfield></datafield><datafield ind1=" " ind2=" " tag="260"><subfield code="a">Celina, Tenn. :</subfield><subfield code="b">Ed Waggener,</subfield><subfield code="c">1969-1983.</subfield></datafield><datafield ind1=" " ind2=" " tag="310"><subfield code="a">Weekly,</subfield><subfield code="b">Feb. 17-Nov. 30, 1983</subfield></datafield><datafield ind1=" " ind2=" " tag="321"><subfield code="a">Weekly,</subfield><subfield code="b">Sept. 5, 1969-Oct. 28, 1982</subfield></datafield><datafield ind1=" " ind2=" " tag="321"><subfield code="a">Semiweekly,</subfield><subfield code="b">Nov. 1, 1982-Feb. 10, 1983</subfield></datafield><datafield ind1="0" ind2=" " tag="362"><subfield code="a">Year 1, no. 1 (Sept. 5, 1969)-16th year, no. 49 (Nov. 30, 1983).</subfield></datafield><datafield ind1=" " ind2=" " tag="580"><subfield code="a">Merged with: Citizen (Celina, Tenn.), to form: Citizen-statesman.</subfield></datafield><datafield ind1=" " ind2="0" tag="651"><subfield code="a">Celina (Tenn.)</subfield><subfield code="v">Newspapers.</subfield></datafield><datafield ind1=" " ind2="0" tag="651"><subfield code="a">Clay County (Tenn.)</subfield><subfield code="v">Newspapers.</subfield></datafield><datafield ind1=" " ind2="7" tag="655"><subfield code="a">Newspapers.</subfield><subfield code="2">fast</subfield><subfield code="0">(OCoLC)fst01423814</subfield></datafield><datafield ind1=" " ind2="7" tag="651"><subfield code="a">Tennessee</subfield><subfield code="z">Celina.</subfield><subfield code="2">fast</subfield><subfield code="0">(OCoLC)fst01224710</subfield></datafield><datafield ind1=" " ind2="7" tag="651"><subfield code="a">Tennessee</subfield><subfield code="z">Clay County.</subfield><subfield code="2">fast</subfield><subfield code="0">(OCoLC)fst01239130</subfield></datafield><datafield ind1=" " ind2=" " tag="752"><subfield code="a">United States</subfield><subfield code="b">Tennessee</subfield><subfield code="c">Clay</subfield><subfield code="d">Celina.</subfield></datafield><datafield ind1="0" ind2="0" tag="780"><subfield code="t">Celina globe</subfield><subfield code="w">(DLC)sn 97065489</subfield></datafield><datafield ind1="1" ind2="7" tag="785"><subfield code="t">Citizen (Celina, Tenn.)</subfield><subfield code="w">(DLC)sn 97065491</subfield></datafield><datafield ind1="1" ind2="7" tag="785"><subfield code="t">Citizen-statesman</subfield><subfield code="x">0746-7745</subfield><subfield code="w">(DLC)sn 84007838</subfield></datafield></record>